<record><leader>00000cas a22000007a 4500</leader><controlfield tag="001">20765153</controlfield><controlfield tag="008">891211d18791980mnuwr ne      0    0eng d</controlfield><datafield ind1=" " ind2=" " tag="010"><subfield code="a">sn 89064633 </subfield></datafield><datafield ind1=" " ind2=" " tag="040"><subfield code="a">MN#</subfield><subfield code="b">eng</subfield><subfield code="c">MN#</subfield><subfield code="d">OCLCQ</subfield><subfield code="d">OCLCF</subfield><subfield code="d">OCLCO</subfield></datafield><datafield ind1=" " ind2=" " tag="042"><subfield code="a">msc</subfield></datafield><datafield ind1=" " ind2=" " tag="043"><subfield code="a">n-us-mn</subfield></datafield><datafield ind1=" " ind2=" " tag="052"><subfield code="a">4144</subfield><subfield code="b">R45</subfield></datafield><datafield ind1=" " ind2=" " tag="052"><subfield code="a">4143</subfield><subfield code="b">C3</subfield></datafield><datafield ind1="0" ind2="4" tag="245"><subfield code="a">The northland eagle.</subfield></datafield><datafield ind1="1" ind2="3" tag="246"><subfield code="a">Remer shopper</subfield></datafield><datafield ind1=" " ind2=" " tag="260"><subfield code="a">Remer, Cass County, Minn. :</subfield><subfield code="b">Keith O. Axvig,</subfield><subfield code="c">-1980.</subfield></datafield><datafield ind1=" " ind2=" " tag="300"><subfield code="a">v.</subfield></datafield><datafield ind1=" " ind2=" " tag="310"><subfield code="a">Weekly</subfield></datafield><datafield ind1="1" ind2=" " tag="362"><subfield code="a">Began in 1979?</subfield></datafield><datafield ind1=" " ind2=" " tag="530"><subfield code="a">Available on microfilm from the Minnesota Historical Society.</subfield></datafield><datafield ind1=" " ind2=" " tag="588"><subfield code="a">Description based on: No. 42 (June 11, 1980).</subfield></datafield><datafield ind1=" " ind2="0" tag="651"><subfield code="a">Remer (Minn.)</subfield><subfield code="v">Newspapers.</subfield></datafield><datafield ind1=" " ind2="7" tag="655"><subfield code="a">Newspapers.</subfield><subfield code="2">fast</subfield><subfield code="0">(OCoLC)fst01423814</subfield></datafield><datafield ind1=" " ind2="7" tag="651"><subfield code="a">Minnesota</subfield><subfield code="z">Remer.</subfield><subfield code="2">fast</subfield><subfield code="0">(OCoLC)fst01253883</subfield></datafield><datafield ind1=" " ind2=" " tag="752"><subfield code="a">United States</subfield><subfield code="b">Minnesota</subfield><subfield code="c">Cass</subfield><subfield code="d">Remer.</subfield></datafield><datafield ind1="0" ind2="0" tag="785"><subfield code="t">Northern Cass review</subfield><subfield code="w">(DLC)sn 89064632</subfield></datafield></record>